
@MastersThesis {Kroes13,
	title = {DataHives: Swarm-Based Triple Store Enhancement},
	author = {Pepijn Kroes, Wouter Beek, Stefan Schlobach},
	school = {Vrije Universiteit Amsterdam, THE NETHERLANDS},
	year = 2013
}

@TechReport {Gueret10,
    author    = {Christophe Gu√©ret and Stefan Schlobach and Kathrin Dentler and Martijn Schut and Gusz Eiben},
    title     = {Evolutionary and Swarm Computing for the Semantic Web},
    year      = {2010},
    address   = {The Netherlands},
    institution = {Vrije Universiteit Amsterdam}
}
